%% 

@inproceedings{Yao2022ACL,
	title         = {Fantastically Ordered Prompts and Where to Find Them: Overcoming Few-Shot Prompt Order Sensitivity},
  author        = {Lu, Yao and Bartolo, Max and Moore, Alastair  and Riedel, Sebastian and Stenetorp, Pontus},
  booktitle     = {Proceedings of the 60th Annual Meeting of the Association for Computational Linguistics (Volume 1: Long Papers)},
  month         = {May},
  year          = {2022},
  url           = {https://aclanthology.org/2022.acl-long.556},
  doi           = {10.18653/v1/2022.acl-long.556},
  pages         = {8086--8098},
}

@inproceedings{Nguyen2022MSR,  
  author        = {Nguyen, Nhan and Nadi, Sarah},  
  booktitle     = {Proceedings of the IEEE/ACM 19th International Conference on Mining Software Repositories (MSR)},   
  title         = {An Empirical Evaluation of GitHub Copilot's Code Suggestions},   
  year          = {2022},  
  volume        = {},  
  number        = {},  
  pages         = {1-5},  
  doi           = {10.1145/3524842.3528470}
}

@misc{AtCoder,
  author        = {AtCoder},
  note          = {\url{https://atcoder.jp/contests/archive?ratedType=1&category=0&keyword=} [Accessed: 2023-7-8]},
}

@inproceedings{Sobania2022GECCO,  
  author        = {Sobania, Dominik and Briesch, Martin and Rothlauf, Franz},
  title         = {Choose Your Programming Copilot: A Comparison of the Program Synthesis Performance of Github Copilot and Genetic Programming},
  booktitle     = {Proceedings of the Genetic and Evolutionary Computation Conference},
  pages         = {1019â€“1027},
  numpages      = {9},
  year          = {2022}, 
  publisher     = {Association for Computing Machinery},
  address       = {New York, NY, USA},
  url           = {https://doi.org/10.1145/3512290.3528700},
  doi           = {10.1145/3512290.3528700},
}

@article{Dakhel2022arXiv,
  author        = {Dakhel, Arghavan Moradi and Majdinasab, Vahid and Nikanjam, Amin and Khomh, Foutse and Desmarais, Michel C. and Ming, Zhen and Jiang},
  title         = {GitHub Copilot AI pair programmer: Asset or Liability?},
  journal       = {arXiv e-prints},
  number        = {},
  volume        = {},
  year          = {2022},
  doi           = {10.48550/arXiv.2206.15331}
}

@inproceedings{Vaithilingam2022CHI,
  author        = {Vaithilingam, Priyan and Zhang, Tianyi and Glassman, Elena L.},
  title         = {Expectation vs. Experience: Evaluating the Usability of Code Generation Tools Powered by Large Language Models},
  booktitle     = {Extended Abstracts of the 2022 CHI Conference on Human Factors in Computing Systems},
  numpages      = {7},
  year          = {2022},
  publisher     = {Association for Computing Machinery},
}